
@report{apa2017stress,
	title = {Stress in {America}: {The} state of our nation},
	url = {https://www.apa.org/news/press/releases/stress/2017/state-nation.pdf},
	author = {{American Psychological Association}},
	year = {2017},
}

@book{achterberg1985imagery,
	title = {Imagery in healing},
	publisher = {Shambhala Publications},
	author = {Achterberg, Jeanne},
	year = {1985},
}

@article{baider1994progressive,
	title = {Progressive muscle relaxation and guided imagery in cancer patients},
	volume = {16},
	doi = {10.1016/0163-8343(94)90021-3},
	number = {5},
	journal = {General Hospital Psychiatry},
	author = {Baider, L. and Uziely, B. and Kaplan De-Nour, A.},
	year = {1994},
	pages = {340--347},
}

@article{ball2003imagery,
	title = {A pilot study of the use of guided imagery for the treatment of recurrent abdominal pain in children},
	volume = {42},
	doi = {10.1177/000992280304200607},
	number = {6},
	journal = {Clinical Pediatrics},
	author = {Ball, Thomas M. and Shapiro, Daniel E. and Monheim, Cynthia J. and Weydert, Joy A.},
	year = {2003},
	pages = {527--532},
}

@book{bernstein1973progressive,
	title = {Progressive relaxation training: {A} manual for the helping professions},
	publisher = {Research Press},
	author = {Bernstein, Douglas A. and Borkovec, Thomas D.},
	year = {1973},
}

@article{bottomley1996group,
	title = {Group cognitive behavioural therapy interventions with cancer patients: {A} review of the literature},
	volume = {5},
	doi = {10.1111/j.1365-2354.1996.tb00225.x},
	number = {3},
	journal = {European Journal of Cancer Care},
	author = {Bottomley, Andrew},
	year = {1996},
	pages = {143--146},
}

@article{cohen2007comparing,
	title = {Comparing relaxation training and cognitive-behavioral group therapy for women with breast cancer},
	volume = {17},
	doi = {10.1177/1049731506293741},
	number = {3},
	journal = {Research on Social Work Practice},
	author = {Cohen, Miri and Fried, Georgeta},
	year = {2007},
	pages = {313--323},
}

@article{cunningham1989randomized,
	title = {A randomized trial of group psychoeducational therapy for cancer patients},
	volume = {14},
	doi = {10.1016/0738-3991(89)90046-3},
	number = {2},
	journal = {Patient Education and Counseling},
	author = {Cunningham, Alastair J. and Tocco, Elizabeth K.},
	month = oct,
	year = {1989},
	pages = {101--114},
}

@online{freebird2012progressive,
    entrysubtype = {video},
	author = {{Freebird Meditations}},
    title = {Progressive muscle relaxation guided meditation},
    organization = {Youtube},
    date = {2012-06-17},
	url = {https://www.youtube.com/watch?v=fDZI-4udE_o},
}

@misc{hardy2017mindfulness,
    author = {Hardy, K.},
    title = {Mindfulness is plentiful in \qq{The post-traumatic insomnia workbook.}},
    organization = {{Veterans Training Support Center}},
    date = {2017-10-08},
    url = {http://bit.ly/2D6ux8U},
}

@article{hashim2015distress,
    author = {Hairul Anuar Hashim and Nurul Ain Zainol},
    title = {Changes in emotional distress, short term memory, and sustained attention following 6 and 12 sessions of progressive muscle relaxation training in 10â€“11~years old primary school children},
    journal = {Psychology, Health \& Medicine},
    volume = {20},
    number = {5},
    pages = {623--628},
    year = {2015},
    publisher = {Taylor & Francis},
    doi = {10.1080/13548506.2014.1002851},
}

@article{holden-lund1988imagery,
    author = {{Holden-Lund}, Carole},
    title = {Effects of relaxation with guided imagery on surgical stress and wound healing},
    journal = {Research in Nursing \& Health},
    volume = {11},
    number = {4},
    pages = {235--244},
    doi = {dztcdf},
    year = {1988},
}

@book{jacobson1938relaxation,
    author = {Jacobson, Edmund},
    title = {Progressive relaxation},
    publisher = {University of Chicago Press},
    year = {1938},
    edition = {2},
}

@online{lange1982guided,
    author = {Lange, S.},
    title = {A realistic look at guided fantasy},
    entrysubtype = {Paper presentation},
    date = {1982-08-23/1982-08-27},
    organization = {American Psychological Association 90th Annual Convention, Washington, DC, United States},
}

@article{mccallie2006progressive,
    author = {McCallie, Martha S. and Blum, Claire M. and Hood, Charlaine J.},
    title = {Progressive Muscle Relaxation},
    journal = {Journal of Human Behavior in the Social Environment},
    volume = {13},
    number = {3},
    pages = {51--66},
    year = {2006},
    publisher = {Routledge},
    doi = {b54qm3},
}

@incollection{mcguigan2007relaxation,
	title = {Progressive relaxation: Origins, principles, and clinical applications},
	booktitle = {Principles and practice of stress management},
	publisher = {Guilford Press},
	author = {McGuigan, F. J. and Lehrer, P. M.},
    editor = {Lehrer, P. M. and Woolfolk, R. L. and Sime, W. E.},
    edition = {3},
	year = {2007},
	pages = {57--87},
}

@article{menzies2012imagery,
	author = {Menzies, Victoria and Lyon, Debra E. and Elswick, R. K. and McCain, Nancy L. and Gray, D. Patricia},
	journal = {Journal of Behavioral Medicine},
	month = {11},
	number = {1},
	pages = {70--80},
	title = {Effects of guided imagery on biobehavioral factors in women with fibromyalgia},
	volume = {37},
	year = {2014},
	doi = {10.1007/s10865-012-9464-7},
}

@article{peterson2011relaxation,
	author = {Peterson, Alan L. and Hatch, John P. and Hryshko-Mullen, Ann S. and Cigrang, Jeffrey A.},
	journal = {Journal of Applied Biobehavioral Research},
	month = dec,
	number = {3--4},
	pages = {138--147},
	title = {Relaxation Training with and without Muscle Contraction in Subjects with Psychophysiological Disorders},
	volume = {16},
	year = {2011},
	doi = {10.1111/j.1751-9861.2011.00070.x},
}

@article{rausch2006meditation,
	author = {Rausch, Sarah M. and Gramling, Sandra E. and Auerbach, Stephen M.},
	journal = {International Journal of Stress Management},
	month = aug,
	number = {3},
	pages = {273--290},
	publisher = {American Psychological Association},
	title = {Effects of a single session of large-group meditation and progressive muscle relaxation training on stress reduction, reactivity, and recovery},
	volume = {13},
	year = {2006},
	doi = {10.1037/1072-5245.13.3.273},
}

@article{scherwitz2005therapy,
	author = {Scherwitz, Larry W. and McHenry, Pamela and Herrero, Rebecca},
	journal = {The Journal of Alternative and Complementary Medicine},
	month = feb,
	number = {1},
	pages = {69--83},
	publisher = {Mary Ann Liebert, Inc.},
	title = {Interactive Guided Imagery Therapy with Medical Patients: Predictors of Health Outcomes},
	volume = {11},
	year = {2005},
	doi = {10.1089/acm.2005.11.69},
}

@article{skovholt1987imagery,
    author = {Skovholt, Thomas M. and Thoen, Gail A.},
    title = {Mental Imagery and Parenthood Decision Making},
    journal = {Journal of Counseling \& Development},
    volume = {65},
    number = {6},
    pages = {315--316},
    doi = {fzmtjd},
    year = {1987},
}

@article{trakhtenberg2008imagery,
    author = {Ephraim C. Trakhtenberg},
    title = {The Effects of Guided Imagery on the Immune System: A Critical Review},
    journal = {International Journal of Neuroscience},
    volume = {118},
    number = {6},
    pages = {839--855},
    year = {2008},
    publisher = {Taylor & Francis},
    doi = {fxfsbq},
}

@article{utay2006review,
    author = {Utay, Joe and Miller, Megan},
    title = {Guided imagery as an effective therapeutic technique: A brief review of its history and efficacy research},
    journal = {Journal of Instructional Psychology},
    year = {2006},
    volume = {33},
    number = {1},
    pages = {40--43},
}

@incollection{white2000introduction,
	title = {Introduction},
	booktitle = {Cognitive-behavioral group therapy: For specific problems and populations},
	publisher = {American Psychological Association},
	author = {White, John R.},
    editor = {White, John R. and Freeman, A. S.},
	year = {2000},
	doi = {10.1037/10352-001},
	pages = {3--25},
}

@book{yalom2005theory,
    author = {Yalom, Irvin D. and Leszcz, Molyn},
    title = {The theory and practice of group psychotherapy},
    publisher = {Basic Books},
    year = {2005},
    edition = {5},
}

@online{yu2004relaxation,
    author = {Yu, S. F.},
    title = {Effects of progressive muscle relaxation training on psychological and health-related quality of life outcomes in elderly patients with heart failure \emph{(Publication No.~3182156)}},
    entrysubtype = {Doctoral dissertation, The Chinese University of Hong Kong},
    year = {2004},
    organization = {ProQuest Dissertations and Theses Global},
}
