
@article{Fekete2018CritiqueDiscretePerception,
	author = {Fekete, Tomer and Van de Cruys, Sander and Ekroll, Vebj{\o}rn and van Leeuwen, Cees},
	doi = {10.1093/nc/niy003},
	journal = {Neuroscience of Consciousness},
	number = {1},
	pages = {Article niy003},
	title = {{In the interest of saving time: a critique of discrete perception}},
	volume = {2018},
	year = {2018}}

@article{Herzog2016TimeSlices,
	author = {Herzog, Michael H. and Kammer, Thomas and Scharnowski, Frank},
	doi = {10.1371/journal.pbio.1002433},
	journal = {PLOS Biology},
	number = {4},
	pages = {Article e1002433},
	title = {{Time Slices: What Is the Duration of a Percept?}},
	volume = {14},
	year = {2016}}
